<record><leader>00000cas a22000007a 4500</leader><controlfield tag="001">34108747</controlfield><controlfield tag="008">960131d188318uuohudr ne      0    0eng d</controlfield><datafield ind1=" " ind2=" " tag="010"><subfield code="a">sn 95072060 </subfield></datafield><datafield ind1=" " ind2=" " tag="040"><subfield code="a">NVJ</subfield><subfield code="b">eng</subfield><subfield code="c">NVJ</subfield><subfield code="d">OCLCQ</subfield></datafield><datafield ind1=" " ind2=" " tag="042"><subfield code="a">msc</subfield></datafield><datafield ind1="0" ind2=" " tag="130"><subfield code="a">Gallipolis daily tribune (Gallipolis, Ohio : 1883)</subfield></datafield><datafield ind1="1" ind2="4" tag="245"><subfield code="a">The Gallipolis daily tribune.</subfield></datafield><datafield ind1="1" ind2="3" tag="246"><subfield code="a">Daily tribune</subfield></datafield><datafield ind1=" " ind2=" " tag="260"><subfield code="a">Gallipolis, Ohio :</subfield><subfield code="b">J.D. &amp; S.H. Olmsted</subfield></datafield><datafield ind1=" " ind2=" " tag="300"><subfield code="a">v.</subfield></datafield><datafield ind1=" " ind2=" " tag="321"><subfield code="a">Daily (except Sunday)</subfield></datafield><datafield ind1="1" ind2=" " tag="362"><subfield code="a">Began in 1883.</subfield></datafield><datafield ind1=" " ind2=" " tag="588"><subfield code="a">Description based on: Vol. 1, no. 54 (May 26, 1883).</subfield></datafield><datafield ind1=" " ind2=" " tag="752"><subfield code="a">United States</subfield><subfield code="b">Ohio</subfield><subfield code="c">Gallia</subfield><subfield code="d">Gallipolis.</subfield></datafield></record>